@misc{oxford-overfitting,
	author = {Oxford},
	title = {The definition of overfitting},
	year = {2018},
	url = {https://en.oxforddictionaries.com/definition/overfitting}
}

@book{ml-tta,
	author = {Shai Shalev-Shwartz and Shai Ben-David},
	title = {Understanding Machine Learning from Theory to Algorithms},
	year = {2014},
	publisher = {Cambridge University Press}
}

@misc{martingale-wiki,
	author = {Wikipedia},
	title = {Martingale, Probability Theory},
	year = {2018},
	url = {https://en.wikipedia.org/wiki/Martingale_(probability_theory)},
}

@book{foundations-ml,
	author = {Mehryar Mohri and Afshin Rostamizadeh and Ameet Talwalkar},
	title = {Foundations of Machine Learning},
	year = {2012},
	publisher = {MIT Press}
}
